@String(PAMI  = {IEEE TPAMI})
@String(IJCV  = {IJCV})
@String(CVPR  = {CVPR})
@String(ICCV  = {ICCV})
@String(ECCV  = {ECCV})
@String(NIPS  = {NeurIPS})
@String(ICPR  = {ICPR})
@String(BMVC  =	{BMVC})
@String(TOG   = {ACM TOG})
@String(TIP   = {IEEE TIP})
@String(TVCG  = {IEEE TVCG})
@String(TCSVT = {IEEE TCSVT})
@String(TMM   =	{IEEE TMM})
@String(ACMMM = {ACM MM})
@String(ICME  =	{ICME})
@String(ICASSP=	{ICASSP})
@String(ICIP  = {ICIP})
@String(ACCV  = {ACCV})
@String(ICLR  = {ICLR})
@String(IJCAI = {IJCAI})
@String(PR = {PR})
@String(AAAI = {AAAI})
@String(CVPRW= {CVPRW})
@String(CSVT = {IEEE TCSVT})



@String(PAMI = {IEEE Trans. Pattern Anal. Mach. Intell.})
@String(IJCV = {Int. J. Comput. Vis.})
@String(CVPR= {IEEE Conf. Comput. Vis. Pattern Recog.})
@String(ICCV= {Int. Conf. Comput. Vis.})
@String(ECCV= {Eur. Conf. Comput. Vis.})
@String(NIPS= {Adv. Neural Inform. Process. Syst.})
@String(ICPR = {Int. Conf. Pattern Recog.})
@String(BMVC= {Brit. Mach. Vis. Conf.})
@String(TOG= {ACM Trans. Graph.})
@String(TIP  = {IEEE Trans. Image Process.})
@String(TVCG  = {IEEE Trans. Vis. Comput. Graph.})
@String(TMM  = {IEEE Trans. Multimedia})
@String(ACMMM= {ACM Int. Conf. Multimedia})
@String(ICME = {Int. Conf. Multimedia and Expo})
@String(ICASSP=	{ICASSP})
@String(ICIP = {IEEE Int. Conf. Image Process.})
@String(ACCV  = {ACCV})
@String(ICLR = {Int. Conf. Learn. Represent.})
@String(IJCAI = {IJCAI})
@String(PR   = {Pattern Recognition})
@String(AAAI = {AAAI})
@String(CVPRW= {IEEE Conf. Comput. Vis. Pattern Recog. Worksh.})
@String(CSVT = {IEEE Trans. Circuit Syst. Video Technol.})

@String(SPL	= {IEEE Sign. Process. Letters})
@String(VR   = {Vis. Res.})
@String(JOV	 = {J. Vis.})
@String(TVC  = {The Vis. Comput.})
@String(JCST  = {J. Comput. Sci. Tech.})
@String(CGF  = {Comput. Graph. Forum})
@String(CVM = {Computational Visual Media})

@article{wallace2020imitation,
  title={Imitation Attacks and Defenses for Black-box Machine Translation Systems},
  author={Wallace, Eric and Stern, Mitchell and Song, Dawn},
  journal={arXiv preprint arXiv:2004.15015},
  year={2020}
}


@InProceedings{mariannmt,
    title     = {Marian: Fast Neural Machine Translation in {C++}},
    author    = {Junczys-Dowmunt, Marcin and Grundkiewicz, Roman and
                 Dwojak, Tomasz and Hoang, Hieu and Heafield, Kenneth and
                 Neckermann, Tom and Seide, Frank and Germann, Ulrich and
                 Fikri Aji, Alham and Bogoychev, Nikolay and
                 Martins, Andr\'{e} F. T. and Birch, Alexandra},
    booktitle = {Proceedings of ACL 2018, System Demonstrations},
    pages     = {116--121},
    publisher = {Association for Computational Linguistics},
    year      = {2018},
    month     = {July},
    address   = {Melbourne, Australia},
    url       = {http://www.aclweb.org/anthology/P18-4020}
}

@article{markables,
  title={WMT20 Document-Level Markable Error Exploration},
  author={Zouhar, Vil{\'e}m and Vojtechov{\'a}, Tereza and Bojar, Ondrej},
  journal={Submitted to WMT2020},
  year={2020}
}

@inproceedings{koehn2005europarl,
  title={Europarl: A parallel corpus for statistical machine translation},
  author={Koehn, Philipp},
  booktitle={MT summit},
  volume={5},
  pages={79--86},
  year={2005},
  organization={Citeseer}
}

@InProceedings{SpeedOptMS,
    title     = {Speed-optimized, Compact Student Models that Distill Knowledge from a Larger Teacher Model: the UEDIN-CUNI Submission to the WMT 2020 News Translation Task},
    author    = {Germann, Ulrich and Grundkiewicz, Roman and Popel, Martin and Dobreva, Radina and  Bogoychev, Nikolay and Heafield, Kenneth},
    pages     = {190--195},
    publisher = {University of Edinburgh and Charles University},
    year      = {2020},
    url       = {https://www.kheafield.com/papers/edinburgh/wmt20.pdf}
}